<?xml version="1.0" encoding="UTF-8"?><record xmlns="http://www.loc.gov/MARC21/slim" xmlns:cinclude="http://apache.org/cocoon/include/1.0" xmlns:zs="http://www.loc.gov/zing/srw/">
  <leader>00723cz  a2200193n  4500</leader>
  <controlfield tag="001">nr2004027720</controlfield>
  <controlfield tag="003">DLC</controlfield>
  <controlfield tag="005">20120229075725.0</controlfield>
  <controlfield tag="008">040913n| acannaabn          |b aaa     c</controlfield>
  <datafield tag="010" ind1=" " ind2=" ">
    <subfield code="a">nr2004027720</subfield>
  </datafield>
  <datafield tag="035" ind1=" " ind2=" ">
    <subfield code="a">(OCoLC)oca06446113</subfield>
  </datafield>
  <datafield tag="040" ind1=" " ind2=" ">
    <subfield code="a">CSt-HC</subfield>
    <subfield code="b">eng</subfield>
    <subfield code="c">CSt-HC</subfield>
    <subfield code="d">OCoLC</subfield>
  </datafield>
  <datafield tag="100" ind1="1" ind2=" ">
    <subfield code="a">Opher, Nati Shamia,</subfield>
    <subfield code="d">1965-</subfield>
  </datafield>
  <datafield tag="400" ind1="1" ind2=" ">
    <subfield code="a">ʻOfer, Naṭi Shamiʻa,</subfield>
    <subfield code="d">1965-</subfield>
  </datafield>
  <datafield tag="400" ind1="1" ind2=" ">
    <subfield code="a">עפר, נטי שמיה</subfield>
  </datafield>
  <datafield tag="400" ind1="1" ind2=" ">
    <subfield code="a">עפר, נתי שמיע</subfield>
  </datafield>
  <datafield tag="667" ind1=" " ind2=" ">
    <subfield code="a">Machine-derived non-Latin script reference project.</subfield>
  </datafield>
  <datafield tag="667" ind1=" " ind2=" ">
    <subfield code="a">Non-Latin script references not evaluated.</subfield>
  </datafield>
  <datafield tag="670" ind1=" " ind2=" ">
    <subfield code="a">Negiʻah be-ḥalalim tsiburiyim be-Mishkenot Shaʼananim, 1996:</subfield>
    <subfield code="b">t.p. (Naṭi Shamiʻa ʻOfer; Nati Shamia Opher [in rom.]) leaf 36 (b. 1965 in Israel)</subfield>
  </datafield>
</record>